/Users/bb9/Documents/bibliography/zotero_My-Library_Better-BibLaTeX.bib