/Users/bb9/Documents/bibliography/zotero_My-Library_phd_Better-BibLaTeX.bib